<record><leader>00000cas a22000007a 4500</leader><controlfield tag="001">12786369</controlfield><controlfield tag="008">851112d19181967wiuwr ne      0    0eng d</controlfield><datafield ind1=" " ind2=" " tag="010"><subfield code="a">sn 85041371 </subfield></datafield><datafield ind1=" " ind2=" " tag="040"><subfield code="a">NPV</subfield><subfield code="b">eng</subfield><subfield code="c">NPV</subfield><subfield code="d">OCLCQ</subfield></datafield><datafield ind1=" " ind2=" " tag="042"><subfield code="a">msc</subfield></datafield><datafield ind1=" " ind2=" " tag="045"><subfield code="a">x1x6</subfield></datafield><datafield ind1=" " ind2=" " tag="052"><subfield code="a">4123</subfield><subfield code="b">S6</subfield></datafield><datafield ind1="0" ind2="4" tag="245"><subfield code="a">The Random Lake times.</subfield></datafield><datafield ind1=" " ind2=" " tag="260"><subfield code="a">Random Lake, Wis. :</subfield><subfield code="b">Harbeck &amp; Schaeffer,</subfield><subfield code="c">1918-1967.</subfield></datafield><datafield ind1=" " ind2=" " tag="300"><subfield code="a">50 v. :</subfield><subfield code="b">ill.</subfield></datafield><datafield ind1=" " ind2=" " tag="310"><subfield code="a">Weekly</subfield></datafield><datafield ind1="0" ind2=" " tag="362"><subfield code="a">Vol. 1, no. 1 (May 1, 1918)-v. 50, no. 27 (Nov. 2, 1967).</subfield></datafield><datafield ind1=" " ind2=" " tag="500"><subfield code="a">Publisher varies.</subfield></datafield><datafield ind1=" " ind2=" " tag="500"><subfield code="a">Editor: H.C. Scholler, May 1, 1918-Jan. 1, 1959.</subfield></datafield><datafield ind1=" " ind2=" " tag="530"><subfield code="a">Available on microfilm from The State Historical Society of Wisconsin.</subfield></datafield><datafield ind1=" " ind2=" " tag="588"><subfield code="a">Description based on a reproduction of front page and original inner pages of vol. 1, no. 1.</subfield></datafield><datafield ind1=" " ind2=" " tag="752"><subfield code="a">United States</subfield><subfield code="b">Wisconsin</subfield><subfield code="c">Sheboygan</subfield><subfield code="d">Random Lake.</subfield></datafield><datafield ind1="0" ind2="0" tag="785"><subfield code="t">Times pennysaver</subfield><subfield code="w">(DLC)sn 85041372</subfield></datafield><datafield ind1="1" ind2=" " tag="029"><subfield code="a">AU@</subfield><subfield code="b">000025813555</subfield></datafield></record>